@incollection{seggelmann2012dtls,
  title={DTLS mobility},
  author={Seggelmann, Robin and T{\"u}xen, Michael and Rathgeb, Erwin P},
  booktitle={Distributed Computing and Networking},
  pages={443--457},
  year={2012},
  publisher={Springer}
}
@inproceedings{modadugu2004design,
  title={The Design and Implementation of Datagram TLS.},
  author={Modadugu, Nagendra and Rescorla, Eric},
  booktitle={NDSS},
  year={2004},
  url={https://crypto.stanford.edu/~nagendra/papers/dtls.pdf}
}
@misc{rescorla2006datagram,
  title={Datagram transport layer security},
  author={Rescorla, Eric and Modadugu, Nagendra},
  year={2006},
  publisher={RFC 4347, April}
}
@inproceedings{raiciu2011improving,
  title={Improving datacenter performance and robustness with multipath tcp},
  author={Raiciu, Costin and Barre, Sebastien and Pluntke, Christopher and Greenhalgh, Adam and Wischik, Damon and Handley, Mark},
  booktitle={ACM SIGCOMM Computer Communication Review},
  volume={41},
  number={4},
  pages={266--277},
  year={2011},
  organization={ACM}
}
@inproceedings{singh2013mprtp,
  title={MPRTP: multipath considerations for real-time media},
  author={Singh, Varun and Ahsan, Saba and Ott, J{\"o}rg},
  booktitle={Proceedings of the 4th ACM Multimedia Systems Conference},
  pages={190--201},
  year={2013},
  organization={ACM}
}
@ONLINE{OpenVPN2010Online,
author = {OpenVPN Developement Team},
title = {Roadmap for OpenVPN version 3.0},
month = may,
year = {2013},
url = {https://community.openvpn.net/openvpn/wiki/RoadMap#OpenVPN3.0:Designandimplementation}
}
@article{reardon2008improving,
  title={Improving Tor using a TCP-over-DTLS tunnel},
  author={Reardon, Joel},
  year={2008}
}
@inproceedings{kohler2006designing,
  title={Designing DCCP: Congestion control without reliability},
  author={Kohler, Eddie and Handley, Mark and Floyd, Sally},
  booktitle={ACM SIGCOMM Computer Communication Review},
  volume={36},
  number={4},
  pages={27--38},
  year={2006},
  organization={ACM}
}
@article{diffie1976new,
  title={New directions in cryptography},
  author={Diffie, Whitfield and Hellman, Martin E},
  journal={Information Theory, IEEE Transactions on},
  volume={22},
  number={6},
  pages={644--654},
  year={1976},
  publisher={IEEE}
}
@inproceedings{vaudenay2002security,
  title={Security Flaws Induced by CBC Padding—Applications to SSL, IPSEC, WTLS...},
  author={Vaudenay, Serge},
  booktitle={Advances in Cryptology—EUROCRYPT 2002},
  pages={534--545},
  year={2002},
  organization={Springer}
}

@inproceedings{raiciu2012hard,
  title={How Hard Can It Be? Designing and Implementing a Deployable Multipath TCP.},
  author={Raiciu, Costin and Paasch, Christoph and Barre, Sebastien and Ford, Alan and Honda, Michio and Duchene, Fabien and Bonaventure, Olivier and Handley, Mark and others},
  booktitle={NSDI},
  volume={12},
  pages={29--29},
  year={2012}
}
@incollection{barre2011multipath,
  title={Multipath TCP: from theory to practice},
  author={Barr{\'e}, S{\'e}bastien and Paasch, Christoph and Bonaventure, Olivier},
  booktitle={NETWORKING 2011},
  pages={444--457},
  year={2011},
  publisher={Springer}
}
@article{song2009estimator,
  title={An estimator of forward and backward delay for multipath transport},
  author={Song, Fei and Zhang, Hongke and Zhang, Sidong and Ramos, Fernando and Crowcroft, Jon},
  journal={University of Cambridge, Computer Laboratory, Technical Report},
  number={UCAM-CL-TR-747},
  year={2009},
  publisher={Citeseer}
}
@misc{tlshandshake,
  author = {Red Hat Security},
  title = {{TLS handshake with RSA}},
  howpublished = "\url{https://rhsecurity.files.wordpress.com/2013/07/tls-handshake.png}",
  year = {2013}, 
  note = "[Online; accessed 13-April-2015]"
}

@misc{tlsdhhandshake,
  author = {Cloudfare},
  title = {{TLS handshake with ECDHE}},
  howpublished = "\url{https://blog.cloudflare.com/keyless-ssl-the-nitty-gritty-technical-details/}",
  year = {2014}, 
  note = "[Online; accessed 02-May-2015]"
}


@misc{wolfssl,
  author = {wolfSSL Inc},
  title = {{wolfSSL Embedded SSL Library}},
  howpublished = "\url{https://github.com/wolfSSL}",
  year = {2015}, 
  note = "[Repository; latest release in 2015]"
}
@techreport{dtls-as-subtransport,
  author = {Christian Huitema and Eric Rescorla and Jana Iyengar},
  title = {DTLS as Subtransport protocol},
  howpublished = {Working Draft},
  type = {Internet-Draft},
  number = {draft-huitema-tls-dtls-as-subtransport-00},
  year = {2015},
  month = {March},
  institution = {IETF Secretariat},
  url = {http://www.ietf.org/internet-drafts/draft-huitema-tls-dtls-as-subtransport-00.txt},
  note = {\url{http://www.ietf.org/internet-drafts/draft-huitema-tls-dtls-as-subtransport-00.txt}}
}
@techreport{singh-avtcore-mprtp,
  author = {Varun Singh and Teemu Karkkainen and Joerg Ott and Saba Ahsan and Lars Eggert},
  title = {Multipath RTP (MPRTP)},
  howpublished = {Working Draft},
  type = {Internet-Draft},
  number = {draft-singh-avtcore-mprtp-10},
  year = {2014},
  month = {November},
  institution = {IETF Secretariat},
  url = {http://www.ietf.org/internet-drafts/draft-singh-avtcore-mprtp-10.txt},
  note = {\url{http://www.ietf.org/internet-drafts/draft-singh-avtcore-mprtp-10.txt}}
}
@misc{rtp-sip,
  author = {Microsoft Technet},
  title = {{Forefront TMG is SIP-aware}},
  howpublished = "\url{http://blogs.technet.com/b/isablog/archive/2009/10/21/forefront-tmg-is-sip-aware.aspx}",
  year = {2009}, 
  note = "[Online; accessed 19-April-2015]"
}
@misc{dns-amp,
  author = {NSFOCUS},
  title = {{DNS Amplification Attacks on the Rise}},
  howpublished = "\url{http://www.nsfocus.com/2013/SecurityView_0927/147.html}",
  year = {2013}, 
  note = "[Online; accessed 02-May-2015]"
}

@misc{tls-reneg,
  author = {INFOSEC Institute},
  title = {{SSL Renegotiation Attack}},
  howpublished = "\url{http://resources.infosecinstitute.com/ssl-attacks/}",
  year = {2013}, 
  note = "[Online; accessed 03-May-2015]"
}
@misc{tls-dos,
author = {Eric Rescorla},
title =  {{ SSL/TLS and Computational DoS }},
howpublished = "\url{http://www.educatedguesswork.org/2011/10/ssltls_and_computational_dos.html}",
year = {2011},
note = "[Online; accessed 03-May-2015]"
}

@book{javvin2005network,
  title={Network Protocols Handbook},
  author={Javvin Technologies},
  isbn={9780974094526},
  note = {\url{http://books.google.be/books?id=D\_GrQa2ZcLwC}},
  year={2005},
  publisher={Javvin Technologies}
}

@inproceedings{wischik2011design,
  title={Design, Implementation and Evaluation of Congestion Control for Multipath TCP.},
  author={Wischik, Damon and Raiciu, Costin and Greenhalgh, Adam and Handley, Mark},
  booktitle={NSDI},
  volume={11},
  pages={8--8},
  year={2011}
}
@misc{rescorla2011proposed,
  author = {Rescorla, Eric},
  title = {{Proposed WebRTC security architecture}},
  howpublished = "\url{https://www.ietf.org/proceedings/82/slides/rtcweb-13.pdf}",
  publisher={IETF},
  year = {2011}, 
  note = "[Online; accessed 28-April-2015]"
}
@article{diffie1992authentication,
  title={Authentication and authenticated key exchanges},
  author={Diffie, Whitfield and Van Oorschot, Paul C and Wiener, Michael J},
  journal={Designs, Codes and cryptography},
  volume={2},
  number={2},
  pages={107--125},
  year={1992},
  publisher={Springer}
}
@incollection{bellare2000authenticated,
  title={Authenticated encryption: Relations among notions and analysis of the generic composition paradigm},
  author={Bellare, Mihir and Namprempre, Chanathip},
  booktitle={Advances in Cryptology—ASIACRYPT 2000},
  pages={531--545},
  year={2000},
  publisher={Springer}
}