@misc{rfc6052,
  author="C. Bao and C. Huitema and M. Bagnulo and M. Boucadair and X. Li",
  title="{IPv6 Addressing of IPv4/IPv6 Translators}",
  series="Request for Comments",
  number="6052",
  howpublished="RFC 6052 (Proposed Standard)",
  publisher="IETF",
  organization="Internet Engineering Task Force",
  year=2010,
  month=oct,
    url="http://www.ietf.org/rfc/rfc6052.txt",
}

@misc{rfc6347,
  author="E. Rescorla and N. Modadugu",
  title="{Datagram Transport Layer Security Version 1.2}",
  series="Request for Comments",
  number="6347",
  howpublished="RFC 6347 (Proposed Standard)",
  publisher="IETF",
  organization="Internet Engineering Task Force",
  year=2012,
  month=jan,
    url="http://www.ietf.org/rfc/rfc6347.txt",
}

@misc{rfc5246,
  author="T. Dierks and E. Rescorla",
  title="{The Transport Layer Security (TLS) Protocol Version 1.2}",
  series="Request for Comments",
  number="5246",
  howpublished="RFC 5246 (Proposed Standard)",
  publisher="IETF",
  organization="Internet Engineering Task Force",
  year=2008,
  month=aug,
    note="Updated by RFCs 5746, 5878, 6176, 7465",
  url="http://www.ietf.org/rfc/rfc5246.txt",
}